@article{GPCA,
        title = {{GPCA: an efficient dimension reduction scheme for image compression and retrieval}},
        author = {Jieping Ye, Ravi Janardan, Qi Li},
        year = {2004},
        journal = {Proceedings of the tenth ACM SIGKDD international conference on Knowledge discovery and data mining},
		pages = {354--363},
        url = {http://dl.acm.org/citation.cfm?id=1014092}
}

@article{neural,
        title = {{Image compression using principal component neural networks}},
        author = {S.Costa, S.Fiori},
        year = {2001},
		volume =	19,
        journal = {Image and Vision Computing},
		pages = {649--668},
        url = {http://www.sciencedirect.com/science/article/pii/S0262885601000427}
}


@Article{editor10,
  author = 		 {Editorial},
  title = 		 {Scientific writing 101},
  journal = 	 {Nature Structural \& Molecular Biology},
  year = 		 2010,
  volume = 	 17,
  pages = 	 139}

@article{gentleman05,
        title = {Reproducible Research: A Bioinformatics Case Study},
        author = {Gentleman, Robert},
        year = {2005},
        journal = {Statistical Applications in Genetics and Molecular Biology},
        volume = 4,
        number = 1,
        publisher = {The Berkeley Electronic Press},
        url = {http://www.bepress.com/sagmb/vol4/iss1/art2}
}

@article{schwab00,
 author = {Schwab, Matthias and Karrenbach, Martin and Claerbout, Jon},
 title = {Making scientific computations reproducible},
 journal = {Computing in Science and Engg.},
 volume = {2},
 number = {6},
 year = {2000},
 issn = {1521-9615},
 pages = {61--67},
 doi = {http://dx.doi.org/10.1109/5992.881708},
 publisher = {IEEE Educational Activities Department},
 address = {Piscataway, NJ, USA},
 }






